@misc{A, 
author={Jason Brownlee}, 
howpublished={\href{https://machinelearningmastery.com/k-fold-cross-validation/}{A Gentle Introduction to k-fold Cross-Validation}},
year={2018}}

@misc{B, 
author={Krishni}, 
howpublished={\href{https://medium.datadriveninvestor.com/k-fold-cross-validation-6b8518070833}{K-Fold Cross Validation}},
year={2018}}}

@misc{C, 
author={Jason Brownlee},
howpublished={\href{https://medium.datadriveninvestor.com/k-fold-cross-validation-6b8518070833}{A Gentle Introduction to Dropout for Regularizing Deep Neural Networks}},
year={2018}}

@misc{D, 
author={Hafidz Zulkifli},
howpublished={\href{https://towardsdatascience.com/understanding-learning-rates-and-how-it-improves-performance-in-deep-learning-d0d4059c1c10}{Understanding Learning Rates and How It Improves Performance in Deep Learning}},
year={2018}}

@misc{E, 
author={Jason Brownlee},
howpublished={\href{https://machinelearningmastery.com/dropout-regularization-deep-learning-models-keras/}{Dropout Regularization in Deep Learning Models With Keras}},
year={2016}}

@misc{F, 
author={Jamal Adbul Nasir and Osama Subhani Khan and Iraklis Varlamis},
howpublished={\href{https://www.researchgate.net/publication/348379370_Fake_news_detection_A_hybrid_CNN-RNN_based_deep_learning_approach}{Fake news detection: A hybrid CNN-RNN based deep learning approach}},
year={2021}
}


@misc{G, 
author={Wikipedia},
howpublished={\href{https://en.wikipedia.org/wiki/Convolutional_neural_network}{Convolutional neural network}},
}

@misc{H, 
author={Gannon University},
howpublished={\href{https://library.gannon.edu/c.php?g=728528&p=5206339}{Fake News Definition}},
year={2020}
}

@misc{I, 
author={Wissam Antoun and Fady Baly and Rime Achour and Amir Hussein and Hazem M. Hajj},
howpublished={\href{https://www.researchgate.net/publication/340478178_State_of_the_Art_Models_for_Fake_News_Detection_Tasks}{State of the Art Models for Fake News Detection Tasks}},
year={2020}
}

@misc{J, 
author={Jason Brownlee},
howpublished={\href{https://machinelearningmastery.com/train-final-machine-learning-model/}{How to Train a Final Machine Learning Model}},
year={2017}}

@misc{K, 
author={baeldung},
howpublished={\href{https://www.baeldung.com/cs/epoch-neural-networks}{Epoch in Neural Networks}},
year={2021}}

@misc{L, 
author={Jason Brownlee},
howpublished={\href{https://machinelearningmastery.com/rectified-linear-activation-function-for-deep-learning-neural-networks/}{A Gentle Introduction to the Rectified Linear Unit (ReLU)}},
year={2020}}

@misc{M, 
author={Vibeesh},
howpublished={\href{https://www.kaggle.com/vibeeshk/fake-real-news-cnn}{Fake/Real News - CNN}},
year={2020}}

@misc{N, 
author={Aswini Thota and Priyanka Tilak and Simrat Ahluwalia and Nibrat Lohia},
howpublished={\href{https://scholar.smu.edu/cgi/viewcontent.cgi?article=1036&context=datasciencereview}{Fake news Detection: A Deep Learning Approach}},
year={2018}
}

@misc{O, 
author={Jason Brownlee},
howpublished={\href{https://machinelearningmastery.com/choose-an-activation-function-for-deep-learning/}{How to Choose an Activation Function for Deep Learning}},
year={2021}}

@misc{P, 
author={Hafidz Zulkifli},
howpublished={\href{https://towardsdatascience.com/understanding-learning-rates-and-how-it-improves-performance-in-deep-learning-d0d4059c1c10}{Understanding Learning Rates and How It Improves Performance in Deep Learning}},
year={2018}}

@misc{Q, 
author={ML Glossary},
howpublished={\href{https://ml-cheatsheet.readthedocs.io/en/latest/loss_functions.html}{Loss Functions}}
}

@misc{R, 
author={Jason Brownlee},
howpublished={\href{https://machinelearningmastery.com/adam-optimization-algorithm-for-deep-learning/}{Gentle Introduction to the Adam Optimization Algorithm for Deep Learning}},
year={2017}}

@misc{S,
author={Namanjeet Singh},
howpublished={\href{https://www.kaggle.com/namanjeetsingh/fake-news-classifier-using-lstm}{Fake News Classifier - LSTM}},
year={2021}}

@misc{T, 
author={Keras},
howpublished={\href{https://keras.io/api/}{Keras API reference}},
}

@misc{U, 
author={TutorialsPoint},
howpublished={\href{https://www.tutorialspoint.com/time_series/time_series_lstm_model.htm}{Time Series - LSTM Model}},
}

@misc{V, 
author={Pritika Bahad and Preeti Saxena and Raj Kamal},
howpublished={\href{https://www.researchgate.net/publication/339543567_Fake_News_Detection_using_Bi-directional_LSTM-Recurrent_Neural_Network}{Fake News Detection using Bi-directional LSTM-Recurrent Neural Network}},
year={2020}
}

@misc{W, 
author={Aranvid Pai},
howpublished={\href{https://www.analyticsvidhya.com/blog/2020/05/what-is-tokenization-nlp/}{Tokenization in NLP}},
year={2020}
}

@misc{X, 
author={Machine Learning},
howpublished={\href{https://developers.google.com/machine-learning/guides/text-classification/step-3}{Text Classification - Tokenization and Vectorization}},
}

@misc{Y, 
author={TensorFlow},
howpublished={\href{https://www.tensorflow.org/api_docs/python/tf/keras/preprocessing/text/Tokenizer}{Method texts to sequences}},
}

@misc{Z, 
author={TensorFlow},
howpublished={\href{https://www.tensorflow.org/api_docs/python/tf/keras/preprocessing/sequence/pad_sequences}{Method pad sequences}},
}